<collection xmlns="http://www.loc.gov/MARC21/slim">
   <record>
      <leader>01696nam a2200409 i 4500</leader>
      <controlfield tag="001">6665493</controlfield>
      <controlfield tag="005">20140509113908.0</controlfield>
      <controlfield tag="008">140324t20152015mnua          001 0 eng c</controlfield>
      <datafield ind1=" " ind2=" " tag="010">
         <subfield code="a">  2013044229</subfield>
      </datafield>
      <datafield ind1=" " ind2=" " tag="020">
         <subfield code="a">9781467739108 (LB)</subfield>
      </datafield>
      <datafield ind1=" " ind2=" " tag="020">
         <subfield code="a">1467739103 (LB)</subfield>
      </datafield>
      <datafield ind1=" " ind2=" " tag="020">
         <subfield code="z">9781467746892 (EB)</subfield>
      </datafield>
      <datafield ind1=" " ind2=" " tag="020">
         <subfield code="a">1467746894 (EB)</subfield>
      </datafield>
      <datafield ind1=" " ind2=" " tag="035">
         <subfield code="a">ocn870986117</subfield>
      </datafield>
      <datafield ind1=" " ind2=" " tag="040">
         <subfield code="a">OU/DLC</subfield>
         <subfield code="b">eng</subfield>
         <subfield code="c">OU</subfield>
         <subfield code="e">rda</subfield>
         <subfield code="d">DLC</subfield>
         <subfield code="d">AEC</subfield>
      </datafield>
      <datafield ind1=" " ind2=" " tag="042">
         <subfield code="a">pcc</subfield>
      </datafield>
      <datafield ind1="0" ind2="0" tag="050">
         <subfield code="a">QC225.5</subfield>
         <subfield code="b">.B6485 2015</subfield>
      </datafield>
      <datafield ind1="0" ind2="0" tag="082">
         <subfield code="a">534</subfield>
         <subfield code="2">23</subfield>
      </datafield>
      <datafield ind1=" " ind2=" " tag="090">
         <subfield code="a">QC 225.5 B6485 2015</subfield>
         <subfield code="b">AEC</subfield>
      </datafield>
      <datafield ind1="1" ind2=" " tag="100">
         <subfield code="a">Boothroyd, Jennifer,</subfield>
         <subfield code="d">1972- ,</subfield>
         <subfield code="e">author.</subfield>
         <subfield code="0">http://id.loc.gov/authorities/names/n2005021940</subfield>
         <subfield code="0">http://viaf.org/viaf/78183743</subfield>
      </datafield>
      <datafield ind1="1" ind2="0" tag="245">
         <subfield code="a">Vibrations make sound /</subfield>
         <subfield code="c">by Jennifer Boothroyd.</subfield>
      </datafield>
      <datafield ind1=" " ind2="1" tag="264">
         <subfield code="a">Minneapolis :</subfield>
         <subfield code="b">Lerner Publications Company,</subfield>
         <subfield code="c">[2015]</subfield>
      </datafield>
      <datafield ind1=" " ind2="4" tag="264">
         <subfield code="c">©2015</subfield>
      </datafield>
      <datafield ind1=" " ind2=" " tag="300">
         <subfield code="a">24 pages :</subfield>
         <subfield code="b">color illustrations ;</subfield>
         <subfield code="c">19 cm.</subfield>
      </datafield>
      <datafield ind1=" " ind2=" " tag="336">
         <subfield code="a">text</subfield>
         <subfield code="2">rdacontent</subfield>
         <subfield code="0">http://id.loc.gov/vocabulary/contentTypes/txt</subfield>
      </datafield>
      <datafield ind1=" " ind2=" " tag="337">
         <subfield code="a">unmediated</subfield>
         <subfield code="2">rdamedia</subfield>
         <subfield code="0">http://id.loc.gov/vocabulary/mediaTypes/n</subfield>
      </datafield>
      <datafield ind1=" " ind2=" " tag="338">
         <subfield code="a">volume</subfield>
         <subfield code="2">rdacarrier</subfield>
         <subfield code="0">http://id.loc.gov/vocabulary/carriers/nc</subfield>
      </datafield>
      <datafield ind1="0" ind2=" " tag="490">
         <subfield code="a">First step nonfiction. Light and sound</subfield>
      </datafield>
      <datafield ind1=" " ind2=" " tag="500">
         <subfield code="a">Includes index.</subfield>
      </datafield>
      <datafield ind1="0" ind2=" " tag="505">
         <subfield code="a">What is sound? -- What makes sound? -- Can you make sound?</subfield>
      </datafield>
      <datafield ind1="1" ind2=" " tag="520">
         <subfield code="a">Ages 5 to 8.</subfield>
      </datafield>
      <datafield ind1=" " ind2=" " tag="596">
         <subfield code="a">21</subfield>
      </datafield>
      <datafield ind1=" " ind2="0" tag="650">
         <subfield code="a">Sound</subfield>
         <subfield code="v">Juvenile literature.</subfield>
         <subfield code="0">http://id.loc.gov/authorities/subjects/sh2008112092</subfield>
      </datafield>
      <datafield ind1=" " ind2="0" tag="650">
         <subfield code="a">Vibration</subfield>
         <subfield code="v">Juvenile literature.</subfield>
      </datafield>
      <datafield ind1=" " ind2=" " tag="758">
         <subfield code="0">http://worldcat.org/entity/work/id/7564167</subfield>
      </datafield>
      <datafield ind1="0" ind2=" " tag="787">
         <subfield code="n">OCLC Work Id</subfield>
         <subfield code="o">http://worldcat.org/entity/work/id/7564167</subfield>
      </datafield>
      <datafield ind1=" " ind2=" " tag="926">
         <subfield code="a">QC 225.5 B6485 2015</subfield>
         <subfield code="w">LC</subfield>
         <subfield code="c">1</subfield>
         <subfield code="i">33333001300967</subfield>
         <subfield code="d">3/17/2015</subfield>
         <subfield code="e">3/4/2015</subfield>
         <subfield code="l">CURRICULUM</subfield>
         <subfield code="m">CONCORDIA</subfield>
         <subfield code="n">1</subfield>
         <subfield code="r">Y</subfield>
         <subfield code="s">Y</subfield>
         <subfield code="t">CURR_BOOK</subfield>
         <subfield code="u">10/20/2014</subfield>
      </datafield>
   </record>
</collection>
